<?xml version="1.0" encoding="UTF-8"?><collection xmlns="http://www.loc.gov/MARC21/slim"><record><leader>00468nam--2200169-i-4500</leader><controlfield tag="001">000040617</controlfield><controlfield tag="002">20161230</controlfield><controlfield tag="005">20161230201042</controlfield><controlfield tag="008">060222s1000------------r-----000-0-eng-d</controlfield><datafield ind1=" " ind2=" " tag="040"><subfield code="a">IFIN-HH</subfield></datafield><datafield ind1=" " ind2=" " tag="080"><subfield code="a">537.531:543.422.8</subfield></datafield><datafield ind1="1" ind2=" " tag="100"><subfield code="a">Schneeman,Justin G</subfield></datafield><datafield ind1="1" ind2="0" tag="245"><subfield code="a">Industrial x-ray interpretation</subfield><subfield code="c">Justin c. schneeman</subfield></datafield><datafield ind1=" " ind2=" " tag="260"><subfield code="a">Evanston Illinois</subfield><subfield code="b">Intex Publishing Company</subfield><subfield code="c">1968</subfield></datafield><datafield ind1=" " ind2=" " tag="300"><subfield code="a">263 P</subfield></datafield><datafield ind1=" " ind2=" " tag="852"><subfield code="a">34932</subfield><subfield code="c">537.531</subfield></datafield><datafield ind1=" " ind2=" " tag="CAT"><subfield code="a">Sys</subfield><subfield code="c">20110810</subfield><subfield code="h">095836</subfield></datafield></record></collection>